@ARTICLE {bib:efron,
        AUTHOR={B. Efron},
        YEAR={1979},
        TITLE={Bootstrap Methods: Another Look at the Jackknife},
        JOURNAL={Annals of Statistics},
        VOLUME={7},
        PAGES={1--26}  }

@article{bib:onlineboot,
  author    = {Zhen Qin and
               Vaclav Petricek and
               Nikos Karampatziakis and
               Lihong Li and
               John Langford},
  title     = {Efficient Online Bootstrapping for Large Scale Learning},
  journal   = {CoRR},
  volume    = {abs/1312.5021},
  year      = {2013},
  url       = {http://arxiv.org/abs/1312.5021},
  timestamp = {Mon, 06 Jan 2014 15:10:41 +0100},
  biburl    = {http://dblp.uni-trier.de/rec/bib/journals/corr/QinPKLL13},
  bibsource = {dblp computer science bibliography, http://dblp.org}
}

@article {bib:blb,
author = {Kleiner, Ariel and Talwalkar, Ameet and Sarkar, Purnamrita and Jordan, Michael I.},
title = {A scalable bootstrap for massive data},
journal = {Journal of the Royal Statistical Society: Series B (Statistical Methodology)},
volume = {76},
number = {4},
issn = {1467-9868},
url = {http://dx.doi.org/10.1111/rssb.12050},
doi = {10.1111/rssb.12050},
pages = {795--816},
keywords = {Bootstrap, Computational efficiency, Estimator quality assessment, Massive data, Resampling},
year = {2014},
}

@incollection{bib:mofnboot,
year={2012},
isbn={978-1-4614-1313-4},
booktitle={Selected Works of Willem van Zwet},
series={Selected Works in Probability and Statistics},
editor={van de Geer, Sara and Wegkamp, Marten},
doi={10.1007/978-1-4614-1314-1_17},
title={Resampling Fewer Than n Observations: Gains, Losses, and Remedies for Losses},
url={http://dx.doi.org/10.1007/978-1-4614-1314-1_17},
publisher={Springer New York},
keywords={Asymptotic; bootstrap; nonparametric; parametric; testing},
author={Bickel, P.J. and GÃ¶tze, F. and van Zwet, W.R.},
pages={267-297},
language={English}
}
